@article{prasad2014smart,
  title={Smart Surveillance Monitoring System Using Raspberry PI and PIR Sensor},
  author={Prasad, Sanjana and Mahalakshmi, P and Sunder, A John Clement and Swathi, R},
  journal={Int. J. Comput. Sci. Inf. Technol},
  volume={5},
  number={6},
  pages={7107--7109},
  year={2014}
}
@online{PiHut,
  author = {The PiHut},
  title = {How to install / use the Raspberry Pi Camera},
  year = 2014,
  url = {https://thepihut.com/blogs/raspberry-pi-tutorials/16021420-how-to-install-use-the-raspberry-pi-camera},
  urldate = {2018-02-13}
}
@online{raspberrypi,
  author = {Raspberry Pi Foundation},
  title = {Getting started with picamera},
  year = 2016,
  url = {https://projects.raspberrypi.org/en/projects/getting-started-with-picamera},
  urldate = {2018-02-16}
}
@online{raspberrypi,
  author = {Raspberry Pi Foundation},
  title = {Setting up an apache wev server on a raspberry pi},
  year = 2016,
  url = {https://www.raspberrypi.org/documentation/remote-access/web-server/apache.md},
  urldate = {2018-02-23}
}
@online{elinux,
  author = {Unknown},
  title = {RPi-Cam-Web-Interface},
  year = 2018,
  url = {https://elinux.org/RPi-Cam-Web-Interface},
  urldate = {2018-02-23}
}
@online{tutsplus,
  author = {Jason Barnett},
  title = {Controlling DC Motors Using Python With a Raspberry Pi},
  year = 2014,
  url = {https://business.tutsplus.com/tutorials/controlling-dc-motors-using-python-with-a-raspberry-pi--cms-20051},
  urldate = {2018-04-10}
}







